<record><leader>00000cas a22000007a 4500</leader><controlfield tag="001">37654174</controlfield><controlfield tag="008">970919d19621963azuwr ne      0    0eng d</controlfield><datafield ind1=" " ind2=" " tag="010"><subfield code="a">sn 97060149 </subfield></datafield><datafield ind1=" " ind2=" " tag="040"><subfield code="a">ANN</subfield><subfield code="b">eng</subfield><subfield code="c">ANN</subfield><subfield code="d">OCLCQ</subfield><subfield code="d">OCLCO</subfield></datafield><datafield ind1="1" ind2=" " tag="029"><subfield code="a">AU@</subfield><subfield code="b">000013497019</subfield></datafield><datafield ind1=" " ind2=" " tag="042"><subfield code="a">msc</subfield></datafield><datafield ind1=" " ind2=" " tag="043"><subfield code="a">n-us-az</subfield></datafield><datafield ind1="0" ind2="0" tag="245"><subfield code="a">Suunyside sun and South Tucson gazette.</subfield></datafield><datafield ind1="1" ind2="7" tag="246"><subfield code="a">Sunnyside sun</subfield></datafield><datafield ind1=" " ind2=" " tag="260"><subfield code="a">South Tucson, Ariz. :</subfield><subfield code="b">Community Newspapers,</subfield><subfield code="c">1962-</subfield></datafield><datafield ind1=" " ind2=" " tag="300"><subfield code="a">v.</subfield></datafield><datafield ind1=" " ind2=" " tag="310"><subfield code="a">Weekly</subfield></datafield><datafield ind1="0" ind2=" " tag="362"><subfield code="a">Vol. 12, no. 24 (June 15, 1962)-</subfield></datafield><datafield ind1="1" ind2=" " tag="362"><subfield code="a">Ceased Oct. 1963.</subfield></datafield><datafield ind1=" " ind2=" " tag="580"><subfield code="a">Merged with: South Tucson gazette combined with the Sunnyside sun, to form: South Tucson gazette (South Tucson, Ariz. : 1963).</subfield></datafield><datafield ind1=" " ind2="0" tag="650"><subfield code="a">South Tucson (Ariz.)</subfield><subfield code="v">Newspapers.</subfield></datafield><datafield ind1=" " ind2="0" tag="651"><subfield code="a">Tucson (Ariz.)</subfield><subfield code="v">Newspapers.</subfield></datafield><datafield ind1=" " ind2=" " tag="752"><subfield code="a">United States</subfield><subfield code="b">Arizona</subfield><subfield code="c">Pima</subfield><subfield code="d">South Tucson.</subfield></datafield><datafield ind1="0" ind2=" " tag="775"><subfield code="t">South Tucson gazette combined with the Sunnyside sun</subfield></datafield><datafield ind1="0" ind2="0" tag="780"><subfield code="t">Sunnyside sun (South Tucson, Ariz.)</subfield><subfield code="w">(DLC)sn 97060226</subfield></datafield><datafield ind1="1" ind2="7" tag="785"><subfield code="t">South Tucson gazette combined with the Sunnyside sun</subfield><subfield code="w">(DLC)sn 97060149</subfield></datafield><datafield ind1="1" ind2="7" tag="785"><subfield code="t">South Tucson gazette (South Tucson, Ariz. : 1963)</subfield><subfield code="w">(DLC)sn 95060732</subfield></datafield></record>